@article {Wymant157768,
author = {Wymant, Chris and Hall, Matthew and Ratmann, Oliver and Bonsall, David and Golubchik, Tanya and de Cesare, Mariateresa and Gall, Astrid and Cornelissen, Marion and Fraser, Christophe and STOP-HCV Consortium, The Maela Pneumococcal Collaboration, and The BEEHIVE Collaboration},
title = {PHYLOSCANNER: Inferring Transmission from Within- and Between-Host Pathogen Genetic Diversity},
journal = {Molecular Biology and Evolution},
volume = {35},
number = {3},
pages = {719-733},
year = {2018},
doi = {10.1093/molbev/msx304},
URL = {http://dx.doi.org/10.1093/molbev/msx304},
eprint = {/oup/backfile/content_public/journal/mbe/35/3/10.1093_molbev_msx304/3/msx304.pdf}
}


@article{Li08062009,
author = {Li, Heng and Handsaker, Bob and Wysoker, Alec and Fennell, Tim and Ruan, Jue and Homer, Nils and Marth, Gabor and Abecasis, Goncalo and Durbin, Richard and {1000 Genome Project Data Processing Subgroup}}, 
title = {The Sequence Alignment/Map (SAM) Format and SAMtools},
year = {2009}, 
doi = {10.1093/bioinformatics/btp352}, 
URL = {http://bioinformatics.oxfordjournals.org/content/early/2009/06/08/bioinformatics.btp352.abstract}, 
journal = {Bioinformatics} 
}


@article{Katoh15072002,
author = {Katoh, Kazutaka and Misawa, Kazuharu and Kuma, Kei‚Äêichi and Miyata, Takashi}, 
title = {MAFFT: a novel method for rapid multiple sequence alignment based on fast Fourier transform},
volume = {30}, 
number = {14}, 
pages = {3059-3066}, 
year = {2002}, 
doi = {10.1093/nar/gkf436}, 
URL = {http://nar.oxfordjournals.org/content/30/14/3059.abstract}, 
journal = {Nucleic Acids Research} 
}

@article{doi:10.1093/bioinformatics/btu033,
author = {Stamatakis, Alexandros},
title = {RAxML version 8: a tool for phylogenetic analysis and post-analysis of large phylogenies},
journal = {Bioinformatics},
volume = {30},
number = {9},
pages = {1312-1313},
year = {2014},
doi = {10.1093/bioinformatics/btu033},
URL = { + http://dx.doi.org/10.1093/bioinformatics/btu033},
eprint = {/oup/backfile/content_public/journal/bioinformatics/30/9/10.1093_bioinformatics_btu033/3/btu033.pdf}
}

@article {MEE3:MEE312628,
author = {Yu, Guangchuang and Smith, David K. and Zhu, Huachen and Guan, Yi and Lam, Tommy Tsan-Yuk},
title = {ggtree: an r package for visualization and annotation of phylogenetic trees with their covariates and other associated data},
journal = {Methods in Ecology and Evolution},
volume = {8},
number = {1},
issn = {2041-210X},
url = {http://dx.doi.org/10.1111/2041-210X.12628},
doi = {10.1111/2041-210X.12628},
pages = {28--36},
keywords = {annotation, bioconductor, evolution, phylogeny, r package, visualization},
year = {2017},
}

